<record><leader>00000cas a22000007a 4500</leader><controlfield tag="001">17899914</controlfield><controlfield tag="008">880505d18361837ohuwr ne      0    0ger d</controlfield><datafield ind1=" " ind2=" " tag="010"><subfield code="a">sn 88078470 </subfield></datafield><datafield ind1=" " ind2=" " tag="040"><subfield code="a">ONP</subfield><subfield code="b">eng</subfield><subfield code="c">ONP</subfield><subfield code="d">OCL</subfield><subfield code="d">OCLCQ</subfield><subfield code="d">OCLCF</subfield><subfield code="d">OCLCO</subfield></datafield><datafield ind1=" " ind2=" " tag="042"><subfield code="a">msc</subfield></datafield><datafield ind1=" " ind2=" " tag="043"><subfield code="a">n-us-oh</subfield></datafield><datafield ind1="0" ind2=" " tag="130"><subfield code="a">Vaterlandsfruend und Westliche Beobachter (Canton, Ohio : 1836)</subfield></datafield><datafield ind1="1" ind2="4" tag="245"><subfield code="a">Der Vaterlandsfreund und Westliche Beobachter.</subfield></datafield><datafield ind1=" " ind2=" " tag="260"><subfield code="a">Canton, Stark County, Ohio :</subfield><subfield code="b">Peter Kaufmann,</subfield><subfield code="c">1836-1837.</subfield></datafield><datafield ind1=" " ind2=" " tag="310"><subfield code="a">Weekly</subfield></datafield><datafield ind1="0" ind2=" " tag="362"><subfield code="a">Jahrg. 8, nr. 1 (13 May 1836)-Jahrg. 9, nr. 17 (10 Nov. 1837).</subfield></datafield><datafield ind1=" " ind2="0" tag="650"><subfield code="a">Germans</subfield><subfield code="z">Ohio</subfield><subfield code="v">Newspapers.</subfield></datafield><datafield ind1=" " ind2="7" tag="655"><subfield code="a">Newspapers.</subfield><subfield code="2">fast</subfield><subfield code="0">(OCoLC)fst01423814</subfield></datafield><datafield ind1=" " ind2="7" tag="650"><subfield code="a">Germans.</subfield><subfield code="2">fast</subfield><subfield code="0">(OCoLC)fst00942100</subfield></datafield><datafield ind1=" " ind2="7" tag="651"><subfield code="a">Ohio.</subfield><subfield code="2">fast</subfield><subfield code="0">(OCoLC)fst01205075</subfield></datafield><datafield ind1=" " ind2=" " tag="752"><subfield code="a">United States</subfield><subfield code="b">Ohio</subfield><subfield code="c">Stark</subfield><subfield code="d">Canton.</subfield></datafield><datafield ind1="0" ind2="0" tag="780"><subfield code="t">Vaterlandsfreund (Canton, Ohio : 1833)</subfield><subfield code="w">(DLC)sn 88078471</subfield></datafield><datafield ind1="0" ind2="0" tag="785"><subfield code="t">Vaterlandsfreund und Geist der Zeit</subfield><subfield code="w">(DLC)sn 85025661</subfield></datafield></record>